% Encoding: UTF-8

@InProceedings{EP2018,
  author    = {R{"\u}diger Ehlers AND Francisco {{Palau Romero}}},
  title     = {Approximately Propagation Complete and Conflict Propagating Constraint Encodings},
  booktitle = {21$^\mathit{st}$ International Conference on Theory and Applications of Satisfiability Testing (SAT)},
  year      = {2018},
}

@inproceedings{DBLP:conf/vmcai/BrainHKM16,
  author    = {Martin Brain and
               Liana Hadarean and
               Daniel Kroening and
               Ruben Martins},
  title     = {Automatic Generation of Propagation Complete {SAT} Encodings},
  booktitle = {Verification, Model Checking, and Abstract Interpretation - 17th International
               Conference, {VMCAI} 2016, St. Petersburg, FL, USA, January 17-19,
               2016},
  pages     = {536--556},
  year      = {2016},
  doi       = {10.1007/978-3-662-49122-5_26},
  timestamp = {Tue, 05 Jan 2016 12:40:34 +0100},
  biburl    = {http://dblp.uni-trier.de/rec/bib/conf/vmcai/BrainHKM16},
  bibsource = {dblp computer science bibliography, http://dblp.org}
}


@inproceedings{DBLP:conf/sat/SaikkoBJ16,
  author    = {Paul Saikko and
               Jeremias Berg and
               Matti J{\"{a}}rvisalo},
  title     = {{LMHS:} {A} {SAT-IP} Hybrid {MaxSAT} Solver},
  booktitle = {Theory and Applications of Satisfiability Testing - {SAT} 2016 - 19th
               International Conference, Bordeaux, France, July 5-8, 2016},
  pages     = {539--546},
  year      = {2016},
  doi       = {10.1007/978-3-319-40970-2_34},
  timestamp = {Thu, 15 Jun 2017 21:39:14 +0200},
  biburl    = {http://dblp.org/rec/bib/conf/sat/SaikkoBJ16},
  bibsource = {dblp computer science bibliography, http://dblp.org}
}

@inproceedings{DBLP:conf/ijcai/AlvianoDR15,
  author    = {Mario Alviano and
               Carmine Dodaro and
               Francesco Ricca},
  title     = {A {MaxSAT} Algorithm Using Cardinality Constraints of Bounded Size},
  booktitle = {Twenty-Fourth International Joint Conference on
               Artificial Intelligence, {IJCAI} 2015, Buenos Aires, Argentina, July
               25-31, 2015},
  pages     = {2677--2683},
  year      = {2015},
  timestamp = {Wed, 20 Jul 2016 15:18:06 +0200},
  biburl    = {http://dblp.org/rec/bib/conf/ijcai/AlvianoDR15},
  bibsource = {dblp computer science bibliography, http://dblp.org}
}

